<?xml version="1.0" encoding="UTF-8"?><collection xmlns="http://www.loc.gov/MARC21/slim"><record><leader>00625nam--2200205-i-4500</leader><controlfield tag="001">000022293</controlfield><controlfield tag="002">20161230</controlfield><controlfield tag="005">20161230201034</controlfield><controlfield tag="008">060222s1000------------r-----000-0-fre-d</controlfield><datafield ind1=" " ind2=" " tag="040"><subfield code="a">IFIN-HH</subfield></datafield><datafield ind1=" " ind2=" " tag="041"><subfield code="a">fre</subfield></datafield><datafield ind1=" " ind2=" " tag="080"><subfield code="a">533.9:530.161</subfield></datafield><datafield ind1="1" ind2=" " tag="100"><subfield code="a">Jancel, R</subfield></datafield><datafield ind1="1" ind2="0" tag="245"><subfield code="a">Electrodynamique des plasmas fondee sur la mecanique statistique</subfield><subfield code="b">Tome i: processus physique et methodes mathematiques</subfield><subfield code="c">R. Jancel, Th. Kahan</subfield></datafield><datafield ind1=" " ind2=" " tag="260"><subfield code="a">Paris, Dunod, 1963,</subfield></datafield><datafield ind1=" " ind2=" " tag="300"><subfield code="a">XIX + 622P</subfield></datafield><datafield ind1=" " ind2=" " tag="500"><subfield code="a">Cours professe a la Sorbone en Troisieme cycle</subfield></datafield><datafield ind1="1" ind2=" " tag="700"><subfield code="a">Kahan, Th</subfield></datafield><datafield ind1=" " ind2=" " tag="852"><subfield code="a">13890</subfield><subfield code="c">533.9</subfield></datafield><datafield ind1=" " ind2=" " tag="CAT"><subfield code="a">Sys</subfield><subfield code="c">20100917</subfield><subfield code="h">120357</subfield></datafield></record></collection>